@article{Refsdal1964,
  doi = {10.1093/mnras/128.4.307},
  url = {https://doi.org/10.1093/mnras/128.4.307},
  year = {1964},
  month = sep,
  publisher = {Oxford University Press ({OUP})},
  volume = {128},
  number = {4},
  pages = {307--310},
  author = {S. Refsdal},
  title = {On the Possibility of Determining Hubble{\textquotesingle}s Parameter and the Masses of Galaxies from the Gravitational Lens Effect},
  journal = {Monthly Notices of the Royal Astronomical Society}
}